@book{DP09,
  author    = {D.P. Dubhashi and A. Panconesi},
  title     = {Concentration of Measure for the Analysis of Randomized Algorithms},
  publisher = {Cambridge University Press},
  year      = {2009},
}

@article{GS14,
  author    = {Javad Ghaderi and
               R. Srikant},
  title     = {Opinion dynamics in social networks with stubborn agents: Equilibrium
               and convergence rate},
  journal   = {Automatica},
  volume    = {50},
  number    = {12},
  pages     = {3209--3215},
  year      = {2014},
}

@inproceedings{BKO11,
  author    = {David Bindel and
               Jon M. Kleinberg and
               Sigal Oren},
  title     = {How Bad is Forming Your Own Opinion?},
  booktitle = {{IEEE} 52nd Annual Symposium on Foundations of Computer Science, {FOCS}
               2011, Palm Springs, CA, USA, October 22-25, 2011},
  pages     = {57--66},
  year      = {2011},
  crossref  = {DBLP:conf/focs/2011},
  url       = {https://doi.org/10.1109/FOCS.2011.43},
  doi       = {10.1109/FOCS.2011.43},
  timestamp = {Fri, 02 Jun 2017 20:49:24 +0200},
  biburl    = {https://dblp.org/rec/bib/conf/focs/BindelKO11},
  bibsource = {dblp computer science bibliography, https://dblp.org}
}
